    @inproceedings{ML1,
  title={Video Summarization: A Machine Learning Based Approach},
  author={Koustav Bhattacharya and Santanu Chaudhury and Jayanta Basak},
  year={2004}
}
@article{IBM-Watson,
  title={NLP-Video Summarization with Watson and GPT},
  author={Alex Aman},
  year={2020},
  publisher={Medium}
}
@inproceedings{ML2,
  title={A Comparative Study of Text Summarization using 
Gensim, NLTK, Spacy, and Sumy Libraries},
  author={Abhilasha Sharma and Raghav Aggarwal and Raghav Alawadhi},
  year={2023}
}
@inproceedings{DNN7,
  title={Machine Learning Approach for Automatic Text 
Summarization Using Neural Networks},
  author={Meetkumar Patel and Adwaita Chokshi and Satyadev Vyas and Khushbu Maurya},
  year={2018}
}
@misc{duc,
  title = {DUC2005 dataset from Papers with Code},
  url = {https://paperswithcode.com/dataset/duc-2005}
}
@misc{summe,
  title = {Summe dataset from Papers with Code},
  url = {https://paperswithcode.com/dataset/summe}
}
@inproceedings{DNN5,
  title={Unsupervised Video Summarization with Adversarial LSTM Networks},
  author={Behrooz Mahasseni and Michael Lam  and Sinisa Todorovic},
  year={2021}
}
@inproceedings{DNN4,
  title={Video Summarization with Long Short-term
Memory},
  author={Ke Zhang and Wei-Lun Chao and Fei Sha and Kristen Grauman},
  year={2016}
}
@inproceedings{DNN1,
  title={Video Summarization Using Deep Neural
Networks: A Survey},
  author={Evlampios Apostolidis and Eleni Adamantidou and Alexandros I. Metsai},
  year={2021}
}
@inproceedings{NLP2,
  title={MULTIMEDIA SUMMARIZATION USING SPACY},
  author={M. Priyanka and K. Sindhuja and V. Madhuvani and K. Prasoona Sowpthika and K. Kranthi Kumar},
  year={2023}
}
@article{ref1,
  title={Deep Reinforcement Learning for Unsupervised Video Summarization with
Diversity-Representativeness Reward},
  author={Kaiyang Zhou and Yu Qiao1 and Tao Xiang2Kaiyang Zhou and Yu Qiao1 and Tao Xiang2},
  journal={Journal of Video Summarization},
  volume={10},
  number={1},
  pages={1-10},
  year={2023},
  publisher={Guangdong Key Lab of Computer Vision and Virtual Reality}
}

@article{ref2,
  title={Summarizing Videos with Attention},
  author={Jiri Fajtl and Hajar Sadeghi Sokeh and Vasileios Argyriou and Dorothy Monekosso and Paolo Remagnino},
  journal={International Journal of Advanced Summarization Techniques},
  volume={15},
  number={2},
  pages={11-20},
  year={2023},
  publisher={Robot Vision Team RoVit, Kingston University, London, UK
 Leeds Beckett University, Leeds, UK}
}

@article{ref3,
  title={Video Summarization using Deep Semantic
Features},
  author={Mayu Otani1 and Yuta Nakashima1 and Esa Rahtu2,
Janne Heikkil and and Naokazu Yokoya1},
  journal={Journal of Internet Video Analysis},
  volume={8},
  number={3},
  pages={21-30},
  year={2022},
  publisher={Graduate School of Information Science, Nara Institute of Science and Technology}
}

@article{ref4,
  title={Iterative Projection and Matching: Finding Structure-preserving Representatives and Its Application to Computer Vision},
  author={Mohsen Joneidi and Alireza Zaeemzadeh and Nazanin Rahnavard and Mubarak Shah},
  journal={Journal of Data Selection in Computer Vision},
  volume={5},
  number={4},
  pages={31-40},
  year={2021},
  publisher={University of Central Florida}
}

@article{ref5,
  title={Egocentric Video-Language Pretraining},
  author={Kevin Qinghong Lin and Alex JinpengWang and Mattia Soldan and Michael Wray and Rui Yan and Eric Zhongcong Xu and Difei Gao and Rongcheng Tu and Wenzhe Zhao and Weijie Kong and Chengfei Cai and Hongfa Wang and Dima Damen and Bernard Ghanem and Wei Liu and Mike Zheng Shou},
  journal={Journal of Video-Language Pretraining},
  volume={12},
  number={5},
  pages={41-50},
  year={2023},
  publisher={Show Lab, National University of Singapore University of Bristol}
}

@article{ref6,
  title={Temporal Tessellation A Unified Approach for Video Analysis},
  author={Dotan Kaufman1 and Gil Levi and Lior Wolf},
  journal={Journal of Semantic Video Analysis},
  volume={9},
  number={1},
  pages={51-60},
  year={2023},
  publisher={1The Blavatnik School of Computer Science , Tel Aviv University, Israel}
}

@article{ref7,
  title={Qery-adaptive Video Summarization via Quality-aware
Relevance Estimation},
  author={Arun Balajee Vasudevan},
  journal={Journal of Query-Relevant Video Summarization},
  volume={7},
  number={2},
  pages={61-70},
  year={2022},
  publisher={Mountain View, CA, USA.}
}

@article{ref8,
  title={FFNet: Video Fast-Forwarding via Reinforcement Learning},
  author={Shuyue Lan and Rameswar Panda and Qi Zhua and Amit K. and Roy-Chowdhury },
  journal={Journal of Efficient Video Processing},
  volume={11},
  number={3},
  pages={71-80},
  year={2021},
  publisher={Northwestern University}
}

@article{ref9,
  title={Multi-stream dynamic video Summarization},
  author={Mohamed Elfeki and Liqiang Wang and Ali Borji},
  journal={Journal of Multi-View Video Summarization},
  volume={6},
  number={4},
  pages={81-90},
  year={2022},
  publisher={Microsoft, University of Central Florida}
}

@article{ref10,
  title={A Mobile Robot Generating Video Summaries of Seniors Indoor Activities},
  author={Chih-Yuan Yang and Srenavis Varadaraj},
  journal={Journal of Indoor Activity Video Summarization},
  volume={4},
  number={5},
  pages={91-100},
  year={2023},
  publisher={National Taiwan University}
}
@article{textrank,
  title={TextRank Bringing Order into Texts},
  author={Rada Mihalcea and Paul Tarau},
  publisher={Medium}
}
@article{textsummarization,
  title={Text Summarization Techniques A Brief Survey},
  author={Mehdi Allahyari and Seyedamin Pouriyeh and Mehdi Assefi and Saeid Safaei and Elizabeth D. Trippe and Juan B. Gutierrez and Krys Kochut†},
  year={2017},
  publisher={Medium}
}
@article{Lexrank,
  title={LexRank Graph-based Lexical Centrality as Salience in Text Summarization},
  author={Güneş Erkan and Dragomir R. Radev},
  publisher={Medium}
}
@article{klsum,
  title={Exploring Content Models for Multi-Document Summarization},
  author={Aria Haghighi and Lucy Vanderwende},
  publisher={Medium}
}
@misc{luhn,
  author = {Ashutosh Vashisht},
  title = {Luhn’s Heuristic Method for text summarization},
  year = {2017},
  note = {Last accessed 16 September 2017},
  url = {https://iq.opengenus.org/luhns-heuristic-method-for-text-summarization/}
}
@misc{lexrank2,
  author = {Ashutosh Vashisht},
  title = {LexRank method for Text Summarization},
  year = {2017},
  note = {Last accessed 16 September 2017},
  url = {https://iq.opengenus.org/lexrank-text-summarization/}
}
@misc{kl,
  author = {Ashutosh Vashisht},
  title = {KL Sum algorithm for text summarization},
  year = {2017},
  note = {Last accessed 16 September 2017},
  url = {https://iq.opengenus.org/k-l-sum-algorithm-for-text-summarization/}
}
@misc{reduction,
  author = {Ashutosh Vashisht},
  title = {Graph based approach for Text summarization (Reduction)},
  year = {2017},
  note = {Last accessed 16 September 2017},
  url = {https://iq.opengenus.org/graph-based-approach-for-text-summarization/}
}